<record><leader>00000cas a22000007a 4500</leader><controlfield tag="001">17655483</controlfield><controlfield tag="008">880321d18911920ohuwr ne      0    0eng d</controlfield><datafield ind1=" " ind2=" " tag="010"><subfield code="a">sn 88078351 </subfield></datafield><datafield ind1=" " ind2=" " tag="040"><subfield code="a">ONP</subfield><subfield code="b">eng</subfield><subfield code="c">ONP</subfield><subfield code="d">OCLCQ</subfield><subfield code="d">DLC</subfield></datafield><datafield ind1=" " ind2=" " tag="042"><subfield code="a">msc</subfield></datafield><datafield ind1="0" ind2=" " tag="130"><subfield code="a">Republican-era (Salem, Ohio)</subfield></datafield><datafield ind1="1" ind2="4" tag="245"><subfield code="a">The Republican-era.</subfield></datafield><datafield ind1=" " ind2=" " tag="260"><subfield code="a">Salem, Columbiana County, Ohio :</subfield><subfield code="b">[s.n.],</subfield><subfield code="c">1891-</subfield></datafield><datafield ind1=" " ind2=" " tag="310"><subfield code="a">Weekly,</subfield><subfield code="b">Apr. 6, 1917-Jan. 1920</subfield></datafield><datafield ind1=" " ind2=" " tag="321"><subfield code="a">Frequency varies,</subfield><subfield code="b">Apr. 30, 1891-Mar. 30, 1917</subfield></datafield><datafield ind1="0" ind2=" " tag="362"><subfield code="a">Vol. 2, no. 18 (Apr. 30, 1891)-</subfield></datafield><datafield ind1="1" ind2=" " tag="362"><subfield code="a">Ceased in Jan. 1920.</subfield></datafield><datafield ind1=" " ind2=" " tag="580"><subfield code="a">Daily eds.: Salem daily news, 1891-1905; Salem news (Salem, Ohio), 1905-1920.</subfield></datafield><datafield ind1=" " ind2=" " tag="752"><subfield code="a">United States</subfield><subfield code="b">Ohio</subfield><subfield code="c">Columbiana</subfield><subfield code="d">Salem.</subfield></datafield><datafield ind1="1" ind2=" " tag="775"><subfield code="t">Salem daily news</subfield><subfield code="w">(DLC)sn 88078289</subfield></datafield><datafield ind1="1" ind2=" " tag="775"><subfield code="t">Salem news (Salem, Ohio)</subfield><subfield code="x">2373-1788</subfield><subfield code="w">(DLC)sn 83035512</subfield><subfield code="w">(OCoLC)9994387</subfield></datafield><datafield ind1="0" ind2="0" tag="780"><subfield code="t">Salem Republican-era (Salem, Ohio : Weekly)</subfield><subfield code="w">(DLC)sn 88078303</subfield></datafield><datafield ind1="0" ind2="5" tag="780"><subfield code="t">Weekly news (Salem, Ohio)</subfield></datafield></record>